@misc{method_presentation,
  author       = {Dr. Athinodoros Klipfel},
  title        = {Improving the 3D scan precision of Laser Triangulation},
  organization = {Automation Technology GmbH},
  note         = {Accessed on: Dec., 16, 2021},
  url          = {https://www.visiononline.org/userAssets/aiaUploads/file/25-Improvingthe3DScanPrecisionofLaserTriangulation-Dr_AthinodorosKlipfel.pdf},
  year         = {2016}
}

@inproceedings{7794138,
  author    = {Fasogbon, Peter and Duvieubourg, Luc and Macaire, Ludovic},
  booktitle = {IECON 2016 - 42nd Annual Conference of the IEEE Industrial Electronics Society},
  title     = {Fast laser stripe extraction for 3D metallic object measurement},
  year      = {2016},
  volume    = {},
  number    = {},
  pages     = {923-927},
  doi       = {10.1109/IECON.2016.7794138}
}

@misc{Akif1256720,
  author       = {Akif, Ahmed},
  title        = {FIR Filter Features on FPGA},
  howpublished = {B.S. Thesis},
  organization = {Department of Electrical Engineering, Link\"oping University},
  address      = {Link\"oping},
  year         = {2018},
  note         = {Accessed on: Dec., 16, 2021},
  url          = {https://liu.diva-portal.org/smash/get/diva2:1256720/FULLTEXT01.pdf}
}